@article{moran,
  title={O v{\'\i}deo na sala de aula},
  author={Mor{\'a}n, Jos{\'e} Manuel},
  journal={Comunica{\c{c}}{\~a}o \& Educa{\c{c}}{\~a}o},
  number={2},
  pages={27--35},
  year={1995}
}

@article{moran-midias,
  title={As m{\'\i}dias na educa{\c{c}}{\~a}o},
  author={Moran, Jos{\'e} Manuel and others},
  journal={Desafios na Comunica{\c{c}}{\~a}o Pessoal. 3{\textordfeminine} Ed. S{\~a}o Paulo: Paulinas},
  pages={162--166},
  year={2007}
}


@misc{youtubeedu,
  key={youtubeedu},
  title={Youtube EDU},
  author={Youtube EDU},
  year={2014},
  url={https://www.youtube.com/t/education},
  urlaccessdate={07 junho. 2015}
}

@article{almeida,
  title={Integra{\c{c}}{\~a}o das tecnologias na educa{\c{c}}{\~a}o},
  author={Almeida, Maria Elizabeth Bianconcini de and Moran, Jos{\'e} Manuel},
  journal={Bras{\'\i}lia, DF: MEC, SEED},
  year={2005}
}

@article{veja-educacao,
  title={O Computador n{\~a}o educa, ensina},
  author={Weinberg, Monica and Rydlewski, Carlos},
  journal={Veja},
  volume={16},
  pages={87--93},
  year={2007}
}

@article{goncalves,
  title={Os impactos das novas tecnologias nas empresas prestadoras de servi{\c{c}}os},
  author={Gon{\c{c}}alves, Jos{\'e} Ernesto Lima},
  journal={Revista de Administra{\c{c}}{\~a}o de Empresas},
  volume={34},
  number={1},
  pages={63--81},
  year={1994},
  publisher={SciELO Brasil}
}
@article{juliana-gazeta,
  title={O computador não ensina nada sozinho},
  author={Vines, Juliana},
  journal={Gazeta do Povo},
  year={2010},
  url={http://www.gazetadopovo.com.br/educacao/o-computador-nao-ensina-nada-sozinho-exd4zsnfao17epzjl3842w4zy}
}

@misc{moran-ead,
  title={O que {\'e} educa{\c{c}}{\~a}o a dist{\^a}ncia},
  author={Moran, Jos{\'e} Manuel},
  year={2008},
  url={http://www2.eca.usp.br/moran/wp-content/uploads/2013/12/dist.pdf}
}

@article{vilacca,
  title={Educa{\c{c}}{\~a}o a Dist{\^a}ncia e Tecnologias: conceitos, termos e um pouco de hist{\'o}ria},
  author={Vila{\c{c}}a, M{\'a}rcio Luiz Corr{\^e}a},
  journal={Revista Magistro},
  volume={2},
  number={1},
  year={2011}
}

@book{valente,
  title={Second Life e Web 2.0 na educa{\c{c}}{\~a}o: o potencial revolucion{\'a}rio das novas tecnologias},
  author={Valente, Carlos and NETO, JOAO AUGUSTO MATTAR},
  year={2007},
  publisher={Novatec Editora}
}

@misc{rodrigues,
  title={A Escola e a Sociedade da Informa{\c{c}}{\~a}o-Que pedagogias para o S{\'e}culo XXI},
  author={Rodrigues, AC},
  year={2013}
}

@article{felipini,
  title={e-Learning: O ensino do pr{\'o}ximo mil{\^e}nio},
  author={Felipini, Dailton},
  journal={E-Commerce Org. Dispon{\'\i}vel em: http://www. e-commerce. org. br/artigos/e-learning\_ensino. php},
  year={2007}
}

@article{spi,
  title={Empre-Learning: Promo{\c{c}}{\~a}o de Estruturas de e-Learning Inovadores, em L{\'\i}ngua Portuguesa, que Permitam o Aumento de Compet{\^e}ncias e Aumentem a Empregabilidade},
  author={de Inova{\c{c}}{\~a}o, Sociedade Portuguesa},
  journal={Sociedade Portuguesa de Inova{\c{c}}{\~a}o, Porto},
  volume={90},
  year={2003}
}

@article{hall,
  title={E-Learning guidebook. Six steps to implementing e-Learning},
  author={Hall, Brandon},
  journal={Retrieved January},
  volume={16},
  pages={2006},
  year={2001}
}
@article{bernardo,
  title={E-learning--O desenvolvimento do aprendizado eletr{\^o}nico para treinamento interno: uma proposta para uma institui{\c{c}}{\~a}o de ensino profissionalizante},
  author={Bernardo-Rocha, Eliza Emilia Rezende and Arata, Renata Naomi},
  journal={EGEPE--ENCONTRO DE EMPREENDEDORISMO E GEST{\~A}O DE PEQUENAS EMPRESAS},
  volume={3},
  pages={24--40},
  year={2003}
}

@article{barbosa,
  title={E-learning-Um conceito a ser seguido},
  author={BARBOSA, MS},
  journal={Mestrado em Gest{\~a}o de},
  year={2007}
}

@article{choi,
  title={ERP training with a web-based electronic learning system: The flow theory perspective},
  author={Choi, Duke Hyun and Kim, Jeoungkun and Kim, Soung Hie},
  journal={International Journal of Human-Computer Studies},
  volume={65},
  number={3},
  pages={223--243},
  year={2007},
  publisher={Elsevier}
}

@article{vicentini,
  title={O uso do v{\'\i}deo como instrumento did{\'a}tico e educativo em sala de aula},
  author={Vicentini, Gustavo Wuerggers and Domingues, MJCS},
  journal={XIX Encontro Anual da Associa{\c{c}}{\~a}o Nacional dos Cursos de Gradua{\c{c}}{\~a}o em Administra{\c{c}}{\~a}o (ENANGRAD), Curitiba, PR},
  year={2008}
}

@article{andrade,
  title={Sistemas de gerenciamento de aprendizagem: uma metodologia de avalia{\c{c}}{\~a}o},
  author={Andrade, M{\'a}rio Vasconcelos and Brasileiro, Francisco Vilar},
  journal={Segundo, F. R; Ramos, DK Solu{\c{c}}{\~o}es baseadas no uso de software livre: Alternativa de suporte tecnol{\'o}gico a educa{\c{c}}{\~a}o presencial e a dist{\^a}ncia. Blumenau: Universidade Regional de Blumenau. Dispon{\'\i}vel em:< http://www. abed.org.br/congresso2005/por/pdf/099tcc5. pdf>},
  volume={15},
  year={2003}
}

@article{goni,
  title={Um LMS-Paradigm{\'a}tico para a customiza{\c{c}}{\~a}o de Sistemas de Gerenciamento de Aprendizagem usando Objetos de Aprendizado},
  author={Go{\~n}i, Jorge L and Rivera, Luis A},
  journal={TE \& ET},
  year={2006}
}

@online{moodle,
    title={Moodle.org},
    url={https://moodle.org},
    author={Moodle},
    year={2015},
    urlaccessdate={15 julho. 2015}
}

@online{moodle-stats,
    title={Moodle Stats},
    url={https://moodle.net/stats/},
    author={Moodle.net},
    year={2015},
    urlaccessdate={15 julho. 2015}
}

@article{uctua2007learning,
  title={E-learning standards},
  author={U{\c{T}}{\u{A}}, Ileana Adina},
  journal={Informatica Economica Journal},
  number={1},
  pages={41},
  year={2007}
}

@article{bianco-standards,
  title={Standards for e-Learning},
  author={Bianco, AM and De Marsico, M and Temperini, M},
  journal={The TISIP Foundation, Trondheim, Norway},
  year={2005}
}

@article{fernandes-scorm,
  title={SCORM e learning design: estudo de caso no 3. {\textordmasculine} ciclo do ensino b{\'a}sico},
  author={Fernandes, Carla Patr{\'\i}cia Teixeira},
  year={2011},
  publisher={Instituto Polit{\'e}cnico de Bragan{\c{c}}a, Escola Superior de Educa{\c{c}}{\~a}o}
}

@online{adl,
  title={Advanced Distributed Learning},
  url={http://adlnet.gov/},
  author={ADL},
  year={2015},
  urlaccessdate={29 ago. 2015}
}

@article{dutra-scorm-ims,
  title={Objetos de Aprendizagem: uma compara{\c{c}}{\~a}o entre SCORM e IMS Learning Design},
  author={de Souza Dutra, Renato Lu{\'\i}s and Tarouco, Liane Margarida Rockenbach},
  journal={RENOTE},
  volume={4},
  number={1},
  year={2006}
}

@article{vickers-ims,
    title={IMS learning tools interoperability briefing paper},
    author={Vickers, SP},
    journal={JISC CETIS},
    year={2012}
}

@online{ims,
    title={IMS Global Learning Consortium},
    url={www.imsglobal.org/},
    author={IMS},
    year={2006},
    urlaccessdate={29 ago. 2015}
}

@online{oauth,
  title={OAuth},
  url={http://http://oauth.net/},
  author={OAuth},
  year={2015},
  urlaccessdate={30 ago. 2015}
}

@book{pablo-php,
    title={PHP Programando com Orienta{\c{c}}{\~a}o a Objetos-2{\textordfeminine} Edi{\c{c}}{\~a}o: Inclui Design Patterns},
    author={Dall'Oglio, Pablo},
    year={2009},
    publisher={Novatec Editora}
}

@online{php-intro,
    title={PHP: O que é o PHP?},
    author={PHP Manual},
    url={http://php.net/manual/pt_BR/intro-whatis.php},
    year={2015},
    urlaccessdate={01 set. 2015}
}

@online{iinterativa,
    title={Infográfico - As 20 linguagens de programação mais populares},
    author={Blog da IInterativa, Matheus Souza},
    url={http://www.iinterativa.com.br/infografico-20-linguagens-de-programacao-mais-populares/},
    year={2015},
    urlaccessdate={01 set. 2015}
}

@book{bean-laravel,
  title={Laravel 5 Essentials},
  author={Bean, M.},
  isbn={9781785283291},
  series={Community Experience Distilled},
  year={2015},
  publisher={Packt Publishing}
}

@article{igor, 
    title={Apache Web Server Complete Guide},
    author={Igor Ljubuncic},
    url={http://sites.duke.edu/workblog/files/2014/12/www.dedoimedo.com-apache-web-server-lm.pdf},
    year={2011},
}

@article{kabir,
    title={Apache Server 2 Bible, Hungry Minds},
    author={Kabir, Mohammed J},
    journal={Inc. Nueva York},
    year={2002}
}

@online{netcraft-survey,
    title={Web Server Survey},
    author={Netcraft},
    year={2015},
    urlaccessdate={03 set. 2015}
}
